@misc{gol,
      author = "Wiki",
      title = "Conway's Game of Life",
      year = "2014",
      note = "\url{https://en.wikipedia.org/wiki/Conway%27s_Game_of_Life}"
}
@misc{nc,
      author = "GNU",
      title = "ncurses",
      year = "2014",
      note= "\url{https://www.gnu.org/software/ncurses/}"
}

@misc{vnc,
      title = "Von Neumann universal constructor",
      year = "2014",
      note = "\url{https://en.wikipedia.org/wiki/Von_Neumann_universal_constructor}"
}



